@ARTICLE{Assayag2023,
  author={Assayag, Yuri and Oliveira, Horácio and Souto, Eduardo and Barreto, Raimundo and Pazzi, Richard},
  journal={IEEE Internet of Things Journal}, 
  title={Adaptive Path Loss Model for BLE Indoor Positioning System}, 
  year={2023},
  volume={10},
  number={14},
  pages={12898-12907},
  keywords={Fingerprint recognition;Data models;Computational modeling;Mobile handsets;IP networks;Databases;Adaptation models;Bluetooth low energy (BLE);indoor localization;path loss model;received signal strength indicator (RSSI)},
  doi={10.1109/JIOT.2023.3253660}}


@ARTICLE{Yu2021,
  author={Yu, Yue and Chen, Ruizhi and Chen, Liang and Zheng, Xingyu and Wu, Dewen and Li, Wei and Wu, Yuan},
  journal={IEEE Internet of Things Journal}, 
  title={A Novel 3-D Indoor Localization Algorithm Based on BLE and Multiple Sensors}, 
  year={2021},
  volume={8},
  number={11},
  pages={9359-9372},
  keywords={Location awareness;Sensors;Three-dimensional displays;Wireless fidelity;Estimation;Sensor systems;Real-time systems;Bluetooth low energy (BLE);indoor localization;multiple sensors;unscented Kalman filter (KF)},
  doi={10.1109/JIOT.2021.3055794}}


@ARTICLE{Zhuang2022,
  author={Zhuang, Yuan and Zhang, Chongyang and Huai, Jianzhu and Li, You and Chen, Liang and Chen, Ruizhi},
  journal={IEEE Internet of Things Journal}, 
  title={Bluetooth Localization Technology: Principles, Applications, and Future Trends}, 
  year={2022},
  volume={9},
  number={23},
  pages={23506-23524},
  keywords={Bluetooth;Location awareness;Fingerprint recognition;Protocols;Scalability;Market research;Internet of Things;Bluetooth;indoor localization;integrated localization;location-based services (LBS)},
  doi={10.1109/JIOT.2022.3203414},
  url={https://ieeexplore.ieee.org/document/9878154}}


@ARTICLE{Mackey2020,
  author={Mackey, Andrew and Spachos, Petros and Song, Liang and Plataniotis, Konstantinos N.},
  journal={IEEE Internet of Things Journal}, 
  title={Improving BLE Beacon Proximity Estimation Accuracy Through Bayesian Filtering}, 
  year={2020},
  volume={7},
  number={4},
  pages={3160-3169},
  keywords={Estimation;Internet of Things;Bayes methods;Bluetooth;Hardware;Wireless sensor networks;Wireless communication;Bayesian filter;Bluetooth low energy (BLE) beacon;iBeacons;Kalman filter (KF);nonparametric information (NI) filter;particle filter;proximity accuracy;proximity estimation},
  doi={10.1109/JIOT.2020.2965583},
  url={https://ieeexplore.ieee.org/document/8956048}}


@ARTICLE{Li2021,
  author={Li, You and Zhuang, Yuan and Hu, Xin and Gao, Zhouzheng and Hu, Jia and Chen, Long and He, Zhe and Pei, Ling and Chen, Kejie and Wang, Maosong and Niu, Xiaoji and Chen, Ruizhi and Thompson, John and Ghannouchi, Fadhel M. and El-Sheimy, Naser},
  journal={IEEE Internet of Things Journal}, 
  title={Toward Location-Enabled IoT (LE-IoT): IoT Positioning Techniques, Error Sources, and Error Mitigation}, 
  year={2021},
  volume={8},
  number={6},
  pages={4035-4062},
  keywords={Smoothing methods;Internet of Things;Robustness;Navigation;Zirconium;Mathematical model;Estimation;5G;artificial intelligence (AI);error sources;indoor navigation;long-range wide-area network (LoRaWAN);LTE-M;machine learning (ML);multisensor integration;NB-IoT;positioning system;review;sigfox;state of the art;survey},
  doi={10.1109/JIOT.2020.3019199},
  url={https://ieeexplore.ieee.org/document/9184896}}


@ARTICLE{Nessa2020,
  author={Nessa, Ahasanun and Adhikari, Bhagawat and Hussain, Fatima and Fernando, Xavier N.},
  journal={IEEE Access}, 
  title={A Survey of Machine Learning for Indoor Positioning}, 
  year={2020},
  volume={8},
  number={},
  pages={214945-214965},
  keywords={Distance measurement;IP networks;Synchronization;Antenna arrays;Maximum likelihood estimation;Wireless communication;Time difference of arrival;Indoor positioning system (IPS);location-based services (LBS);machine learning (ML);non-line-of-sight (NLOS);wireless positioning;indoor tracking},
  doi={10.1109/ACCESS.2020.3039271},
  url={https://ieeexplore.ieee.org/document/9264122}}


@INPROCEEDINGS{Gouzouasis2012,
  author={Gouzouasis, Ioannis and Papaharalabos, Stylianos and Nasa, Mohamad Abou and Karlsson, Peter},
  booktitle={2023 17th European Conference on Antennas and Propagation (EuCAP)}, 
  title={A Novel Antenna System for Direction Finding Applications Using BLE 5.1 Technology}, 
  year={2023},
  volume={},
  number={},
  pages={1-5},
  keywords={Antenna measurements;Europe;Estimation;Directive antennas;Hardware;Bluetooth Low Energy;antennas;indoor positioning;BLE 5.1;direction finding;PDDA;anchor point;tag;angle of arrival;measurements;CDF;angle estimation},
  doi={10.23919/EuCAP57121.2023.10132951},
  url={https://ieeexplore.ieee.org/document/10132951}}


@ARTICLE{Philips2023,
  author={Philips, Dasmond Roy and Salami, Erfan and Ramiah, Harikrishnan and Kanesan, Jeevan},
  journal={IEEE Access}, 
  title={{Location Accuracy Optimization in Bluetooth Low Energy (BLE) 5.1-Based Indoor Positioning System (IPS)—A Machine Learning Approach}}, 
  year={2023},
  volume={11},
  number={},
  pages={140186-140201},
  keywords={IP networks;Machine learning;Training;Wireless networks;Machine learning algorithms;Tuning;Testing;Indoor navigation;Bluetooth;Root mean square;Indoor positioning system (IPS);bluetooth low energy (BLE) 5.1;machine learning algorithm (MLA);root mean square error (RMSE)},
  doi={10.1109/ACCESS.2023.3338358},
  url={https://ieeexplore.ieee.org/document/10336808}}


@ARTICLE{Feng2020,
  author={Feng, Daquan and Wang, Chunqi and He, Chunlong and Zhuang, Yuan and Xia, Xiang-Gen},
  journal={IEEE Internet of Things Journal}, 
  title={Kalman-Filter-Based Integration of IMU and UWB for High-Accuracy Indoor Positioning and Navigation}, 
  year={2020},
  volume={7},
  number={4},
  pages={3133-3146},
  keywords={Navigation;Internet of Things;IP networks;Approximation algorithms;Distance measurement;Kalman filters;Acceleration;Extended Kalman filter (EKF);indoor positioning system (IPS);inertial measurement unit (IMU);Internet of Things (IoT);ultrawideband (UWB);unscented Kalman filter (UKF)},
  doi={10.1109/JIOT.2020.2965115}}


@ARTICLE{Assa2015,
  author={Assa, Akbar and Janabi-Sharifi, Farrokh},
  journal={IEEE Sensors Journal}, 
  title={A Kalman Filter-Based Framework for Enhanced Sensor Fusion}, 
  year={2015},
  volume={15},
  number={6},
  pages={3281-3292},
  keywords={Kalman filters;Noise;Estimation;Sensor fusion;Covariance matrices;Kalman filtering;Iterative;Adaptive;Robust;Sensor fusion;Nonlinear Kalman filter;Kalman filtering;iterative;adaptive;robust;sensor fusion;nonlinear Kalman filter},
  doi={10.1109/JSEN.2014.2388153},
  url={https://ieeexplore.ieee.org/document/7001546}}


@article{Kalman1960,
    Author = {Kalman, Rudolph Emil},
    Title = {A New Approach to Linear Filtering and Prediction Problems},
    Journal = {Transactions of the ASME--Journal of Basic Engineering},
    Volume = {82},
    Number = {Series D},
    Pages = {35--45},
    Year = {1960}
}

@ARTICLE{Ullah2020,
  author={Ullah, Inam and Shen, Yu and Su, Xin and Esposito, Christian and Choi, Chang},
  journal={IEEE Access}, 
  title={A Localization Based on Unscented Kalman Filter and Particle Filter Localization Algorithms}, 
  year={2020},
  volume={8},
  number={},
  pages={2233-2246},
  keywords={Wireless sensor networks;Kalman filters;Simultaneous localization and mapping;Jacobian matrices;Mathematical model;Extended Kalman filter;localization;particle filter;robot;unscented Kalman filter;wireless sensor networks},
  doi={10.1109/ACCESS.2019.2961740},
  url={https://ieeexplore.ieee.org/document/8939454}}


@Book{Goldsmith2005,
  Title                    = {{Wireless Communications}},
  Author                   = {Andrea Goldsmith},
  Publisher                = {Cambridge University Press},
  Year                     = {2005},
  Edition                  = {1st}
}

@article{Hayward2022,
title = {A Survey of Indoor Location Technologies, Techniques and Applications in Industry},
journal = {Internet of Things},
volume = {20},
pages = {100608},
year = {2022},
issn = {2542-6605},
doi = {https://doi.org/10.1016/j.iot.2022.100608},
url = {https://www.sciencedirect.com/science/article/pii/S2542660522000907},
author = {S.J. Hayward and K. {van Lopik} and C. Hinde and A.A. West},
keywords = {Indoor location, Internet of things, Sensor systems, Indoor location based services, Cyber physical systems},
url={https://www.sciencedirect.com/science/article/pii/S2542660522000907}
}

@ARTICLE{Liu2024,
  author={Liu, Jiong and Zhang, Li and Xu, Jingao and Shi, Jun},
  journal={IEEE Sensors Journal}, 
  title={Dynamic Feasible Region-Based IMU/UWB Fusion Method for Indoor Positioning}, 
  year={2024},
  volume={24},
  number={13},
  pages={21447-21457},
  keywords={Sensors;Distance measurement;Sensor systems;Heuristic algorithms;Ultra wideband technology;Indoor environment;Robustness;Indoor positioning;inertial measurement unit (IMU);nonline-of-sight (NLOS);particle filter (PF);ultra-wideband (UWB)},
  doi={10.1109/JSEN.2024.3398789},
  url={https://ieeexplore.ieee.org/document/10531196}}


@ARTICLE{Yao2020,
  author={Yao, Haiyun and Shu, Hong and Liang, Xinlian and Yan, Hongji and Sun, Hongxing},
  journal={IEEE Access}, 
  title={Integrity Monitoring for Bluetooth Low Energy Beacons RSSI Based Indoor Positioning}, 
  year={2020},
  volume={8},
  number={},
  pages={215173-215191},
  keywords={Monitoring;Bluetooth;Global navigation satellite system;Robustness;Indoor environment;Fingerprint recognition;Distance measurement;Indoor positioning;integrity monitoring;least square;parity vector;maximum likelihood estimation;BLE beacons;HDOP},
  doi={10.1109/ACCESS.2020.3038894},
  url={https://ieeexplore.ieee.org/document/9262876}}


@ARTICLE{Guo2023,
  author={Guo, Guangyi and Chen, Ruizhi and Yan, Ke and Li, Pengze and Yuan, Lin and Chen, Liang},
  journal={IEEE Sensors Journal}, 
  title={Multichannel and Multi-RSS Based BLE Range Estimation for Indoor Tracking of Commercial Smartphones}, 
  year={2023},
  volume={23},
  number={24},
  pages={30728-30738},
  keywords={Smart phones;Sensors;Location awareness;Distance measurement;Pedestrians;Estimation;Position measurement;Bluetooth low energy (BLE);data-driven pedestrian dead reckoning (PDR);indoor localization;integration platform;received signal strength (RSS);smartphone},
  doi={10.1109/JSEN.2023.3328711}}


@ARTICLE{Engström2020,
  author={Engström, Jimmy},
  journal={IEEE Access}, 
  title={Improving Indoor Positioning With Adaptive Noise Modeling}, 
  year={2020},
  volume={8},
  number={},
  pages={227213-227221},
  keywords={Kalman filters;Adaptation models;Noise measurement;Bluetooth;Stochastic processes;Receivers;Process control;Adaptive noise;BLE;indoor location;indoor positioning;unscented kalman filter},
  doi={10.1109/ACCESS.2020.3045615}}


@manual{bluetooth51Core,
    organization  = {{Bluetooth Special Interest Group (SIG)}},
    title         = {{Bluetooth Core Specification Version 5.1}},
    year          =  {2019},
    number        =  {Bluetooth 5.1},
    volume        = {0},
    month         =  {Jan.},
    address = {Kirkland, WA, USA},
    URL           = {https://www.bluetooth.com/specifications/specs/core-specification-5-1/}
}

@article{pau_bluetooth_2021,
	title = {Bluetooth 5.1: {An} {Analysis} of {Direction} {Finding} {Capability} for {High}-{Precision} {Location} {Services}},
	volume = {21},
	copyright = {http://creativecommons.org/licenses/by/3.0/},
	issn = {1424-8220},
	shorttitle = {Bluetooth 5.1},
	url = {https://www.mdpi.com/1424-8220/21/11/3589},
	doi = {10.3390/s21113589},
	language = {en},
	number = {11},
	urldate = {2024-02-21},
	journal = {Sensors},
	author = {Pau, Giovanni and Arena, Fabio and Gebremariam, Yonas Engida and You, Ilsun},
	month = jan,
	year = {2021},
	keywords = {Bluetooth 5.1, Bluetooth Direction Finding, Bluetooth Low Energy, Internet of Things, asset traceability, indoor localization},
	pages = {3589},
}

@INPROCEEDINGS{Vena2021,
  author={Vena, Arnaud and Illanes, Isabelle and Alidieres, Lucie and Sorli, Brice and Perea, François},
  booktitle={2021 IEEE International Conference on RFID Technology and Applications (RFID-TA)}, 
  title={RFID based Indoor Localization System to Analyze Visitor Behavior in a Museum}, 
  year={2021},
  volume={},
  number={},
  pages={183-186},
  keywords={Location awareness;Embedded systems;Prototypes;UHF measurements;Indoor environment;Cultural differences;Passive RFID tags;RFID;indoor localization;data fusion;museum},
  doi={10.1109/RFID-TA53372.2021.9617265},
  url={https://ieeexplore.ieee.org/document/9617265}}


@INPROCEEDINGS{Casareo2018,
  author={Casareo, Kevin and Chaczko, Zenon},
  booktitle={2018 12th International Symposium on Medical Information and Communication Technology (ISMICT)}, 
  title={Beacon-Based Localization Middleware for Tracking in Medical and Healthcare Environments}, 
  year={2018},
  volume={},
  number={},
  pages={1-6},
  keywords={Middleware;Hospitals;Mobile nodes;Loss measurement;Mobile handsets;localization;linear least-squares;received signal strength;trilateration},
  doi={10.1109/ISMICT.2018.8573701},
  url={https://ieeexplore.ieee.org/document/8573701}}



@INPROCEEDINGS{Lopez2019,
  author={López-Pastor, Jose Antonio and Ruiz-Ruiz, Antonio J. and Martínez-Sala, Alejandro Santos and Luis Gómez-Tornero, José},
  booktitle={2019 International Conference on Indoor Positioning and Indoor Navigation (IPIN)}, 
  title={Evaluation of an indoor positioning system for added-value services in a mall}, 
  year={2019},
  volume={},
  number={},
  pages={1-8},
  keywords={Wireless fidelity;Fingerprint recognition;Mobile handsets;Hardware;Buildings;Indoor navigation;Received signal strength indicator;Indoor location system;smartphone location;Wi-Fi fingerprint;recommender service;mall},
  doi={10.1109/IPIN.2019.8911822},
  url={https://ieeexplore.ieee.org/abstract/document/8911822}}


@article{Chun2020,
title = {Top 10 technologies for indoor positioning on construction sites},
journal = {Automation in Construction},
volume = {118},
pages = {103309},
year = {2020},
issn = {0926-5805},
doi = {https://doi.org/10.1016/j.autcon.2020.103309},
url = {https://www.sciencedirect.com/science/article/pii/S0926580519306016},
author = {Chun Ting Li and Jack C.P. Cheng and Keyu Chen}
}

@ARTICLE{Sadowski2018,
  author={Sadowski, Sebastian and Spachos, Petros},
  journal={IEEE Access}, 
  title={RSSI-Based Indoor Localization With the Internet of Things}, 
  year={2018},
  volume={6},
  number={},
  pages={30149-30161},
  keywords={Wireless fidelity;Wireless communication;Performance evaluation;Global Positioning System;Receivers;ZigBee;Hardware;Indoor localization accuracy;power consumption;Internet of Things;RSSI;WiFi;Bluetooth low energy;Zigbee;LoRaWAN},
  doi={10.1109/ACCESS.2018.2843325}}


@ARTICLE{Guo2020,
  author={Guo, Xiansheng and Ansari, Nirwan and Hu, Fangzi and Shao, Yuan and Elikplim, Nkrow Raphael and Li, Lin},
  journal={IEEE Communications Surveys \& Tutorials}, 
  title={A Survey on Fusion-Based Indoor Positioning}, 
  year={2020},
  volume={22},
  number={1},
  pages={566-594},
  keywords={Position measurement;Tutorials;Wireless LAN;Robustness;Global Positioning System;Magnetic sensors;Indoor positioning based services (IPS);fusion-based positioning;complex electromagnetic environments (CEEs);ensemble learning},
  doi={10.1109/COMST.2019.2951036},
  url={https://ieeexplore.ieee.org/document/8889728}}


@ARTICLE{Liu2022,
  author={Liu, Qi and Gao, Chengfa and Shang, Rui and Peng, Zihan and Zhang, Ruicheng and Gan, Lu},
  journal={IEEE Sensors Journal}, 
  title={Environment Perception Based Seamless Indoor and Outdoor Positioning System of Smartphone}, 
  year={2022},
  volume={22},
  number={17},
  pages={17205-17215},
  keywords={Global navigation satellite system;Sensors;Satellites;Mathematical models;Hidden Markov models;Delays;Satellite navigation systems;Environment perception;smartphone;transition area;seamless positioning},
  doi={10.1109/JSEN.2022.3192911},
  url={https://ieeexplore.ieee.org/document/9843887}}


@ARTICLE{Tan2021,
  author={Tan, Zheng and Wang, Cheng and Yan, Chungang and Zhou, Mengchu and Jiang, Changjun},
  journal={IEEE Transactions on Intelligent Transportation Systems}, 
  title={Protecting Privacy of Location-Based Services in Road Networks}, 
  year={2021},
  volume={22},
  number={10},
  pages={6435-6448},
keywords={Roads;Privacy;Servers;Correlation;Protocols;User experience;Knowledge engineering;Internet of Vehicles;Location-Based Services (LBS);query privacy;computational private information retrieval (cPIR);Points of Interest (POI)},
  doi={10.1109/TITS.2020.2992232},
 url={https://ieeexplore.ieee.org/document/9133462}}


@ARTICLE{Tao2021,
  author={Tao, Bo and Wu, Haibing and Gong, Zeyu and Yin, Zhouping and Ding, Han},
  journal={IEEE Transactions on Automation Science and Engineering}, 
  title={An RFID-Based Mobile Robot Localization Method Combining Phase Difference and Readability}, 
  year={2021},
  volume={18},
  number={3},
  pages={1406-1416},
  keywords={Mobile robots;Radiofrequency identification;Calibration;RFID tags;Mobile robot;phase difference;radio frequency identification (RFID);readability;RFID localization},
  doi={10.1109/TASE.2020.3006724},
  url={https://ieeexplore.ieee.org/document/9143401}}


@ARTICLE{Hou2021,
  author={Hou, Xinyu and Bergmann, Jeroen},
  journal={IEEE Sensors Journal}, 
  title={Pedestrian Dead Reckoning With Wearable Sensors: A Systematic Review}, 
  year={2021},
  volume={21},
  number={1},
  pages={143-152},
  keywords={Wearable sensors;Systematics;Magnetic sensors;Magnetometers;Sensor phenomena and characterization;Sensor systems;sensor networks;navigation;personal positioning;Local positioning systems;pedestrian navigation},
  doi={10.1109/JSEN.2020.3014955},
  url={https://ieeexplore.ieee.org/document/9162069}}


@ARTICLE{Dian2020,
  author={John Dian, F. and Vahidnia, Reza and Rahmati, Alireza},
  journal={IEEE Access}, 
  title={Wearables and the Internet of Things (IoT), Applications, Opportunities, and Challenges: A Survey}, 
  year={2020},
  volume={8},
  number={},
  pages={69200-69211},
  keywords={Biomedical monitoring;Temperature sensors;Monitoring;Internet of Things;Wearable sensors;Temperature measurement;Smart wearables;Internet of Things;cellular IoT},
  doi={10.1109/ACCESS.2020.2986329},
  url={https://ieeexplore.ieee.org/document/9058658}}


@ARTICLE{Aledhari2022,
  author={Aledhari, Mohammed and Razzak, Rehma and Qolomany, Basheer and Al-Fuqaha, Ala and Saeed, Fahad},
  journal={IEEE Access}, 
  title={Biomedical IoT: Enabling Technologies, Architectural Elements, Challenges, and Future Directions}, 
  year={2022},
  volume={10},
  number={},
  pages={31306-31339},
  keywords={Medical diagnostic imaging;Biosensors;Monitoring;Biomedical monitoring;Computer architecture;Temperature measurement;Glucose;Internet of Things (IoT);biomedical IoT;healthcare;wearable technology;biomedical implantations;constrained application protocol (CoAP);implantable biosensors},
  doi={10.1109/ACCESS.2022.3159235},
  url={https://ieeexplore.ieee.org/document/9733908}}


@ARTICLE{Koren2022,
  author={Koren, Ana and Prasad, Ramjee},
  journal={Journal of ICT Standardization}, 
  title={IoT Health Data in Electronic Health Records (EHR): Security and Privacy Issues in Era of 6G}, 
  year={2022},
  volume={10},
  number={1},
  pages={63-84},
  keywords={6G mobile communication;Privacy;Wearable computers;Medical services;Quality of service;Regulation;Security;Wearable sensors;eHealth;healthcare;6G;internet of things;internet of medical things;electronic health record;EHR},
  doi={10.13052/jicts2245-800X.1014},
  url ={https://ieeexplore.ieee.org/document/10255403}}


@article{Farahsari2022,
   author = {Pooyan Shams Farahsari and Amirhossein Farahzadi and Javad Rezazadeh and Alireza Bagheri},
   doi = {10.1109/JIOT.2022.3149048},
   issn = {23274662},
   issue = {10},
   journal = {IEEE Internet of Things Journal},
   keywords = {Algorithms and vendors,Internet of Things (IoT) applications,indoor localization,indoor positioning systems (IPSs),localization technique,localization technology,location-based services (LBSs)},
   month = {5},
   pages = {7680-7699},
   publisher = {Institute of Electrical and Electronics Engineers Inc.},
   title = {A Survey on Indoor Positioning Systems for IoT-Based Applications},
   volume = {9},
   year = {2022},
}

@ARTICLE{Fuqaha2015,
  author={Al-Fuqaha, Ala and Guizani, Mohsen and Mohammadi, Mehdi and Aledhari, Mohammed and Ayyash, Moussa},
  journal={{IEEE Communications Surveys \& Tutorials}}, 
  title={Internet of Things: A Survey on Enabling Technologies, Protocols, and Applications}, 
  year={2015},
  volume={17},
  number={4},
  pages={2347-2376},
  keywords={Internet of things;Computer architecture;Radiofrequency identification;Intelligent sensors;Mobile communication;Internet of things;IoT;CoAP;MQTT;AMQP;XMPP;DDS;mDNS;IoT Gateway;Internet of Things (IoT);CoAP;MQTT;AMQP;XMPP;DDS;mDNS;IoT gateway},
  doi={10.1109/COMST.2015.2444095}}

@ARTICLE{Rahmani2022,
  author={Rahmani, Amir Masoud and Szu-Han, Wang and Yu-Hsuan, Kang and Haghparast, Majid},
  journal={IEEE Access}, 
  title={The Internet of Things for Applications in Wearable Technology}, 
  year={2022},
  volume={10},
  number={},
  pages={123579-123594},
  keywords={Wearable computers;Medical services;Propulsion;Communications technology;Safety;Internet of Things;Object recognition;Internet of Things;medical;healthcare;sports;machine learning;wearable technology},
  doi={10.1109/ACCESS.2022.3224487}}

@misc{Vailshery2023,
  title        = {Number of IoT connected devices worldwide 2019-2023, with forecasts to 2030},
  author       = {Lionel Sujay Vailshery},
  year         = 2023,
  note         = {\url{https://www.statista.com/statistics/1183457/iot-connected-devices-worldwide}. Acesso em: 28 de Abril de 2024}
}

@ARTICLE{Islam2023,
  author={Islam, Md. Milon and Nooruddin, Sheikh and Karray, Fakhri and Muhammad, Ghulam},
  journal={IEEE Internet of Things Journal}, 
  title={Internet of Things: Device Capabilities, Architectures, Protocols, and Smart Applications in Healthcare Domain}, 
  year={2023},
  volume={10},
  number={4},
  pages={3611-3641},
  keywords={Internet of Things;Medical services;Computer architecture;Protocols;Hardware;Software;Security;Communication protocol;device capabilities;healthcare applications;Internet of Things (IoT);IoT architecture},
  doi={10.1109/JIOT.2022.3228795}}
