@article{Farahsari2022,
   author = {Pooyan Shams Farahsari and Amirhossein Farahzadi and Javad Rezazadeh and Alireza Bagheri},
   doi = {10.1109/JIOT.2022.3149048},
   issn = {23274662},
   issue = {10},
   journal = {IEEE Internet of Things Journal},
   keywords = {Algorithms and vendors,Internet of Things (IoT) applications,indoor localization,indoor positioning systems (IPSs),localization technique,localization technology,location-based services (LBSs)},
   month = {5},
   pages = {7680-7699},
   publisher = {Institute of Electrical and Electronics Engineers Inc.},
   title = {A Survey on Indoor Positioning Systems for IoT-Based Applications},
   volume = {9},
   year = {2022},
}

@misc{Vailshery2023,
  title        = {Number of IoT connected devices worldwide 2019-2023, with forecasts to 2030},
  author       = {Lionel Sujay Vailshery},
  year         = 2023,
  note         = {\url{https://www.statista.com/statistics/1183457/iot-connected-devices-worldwide}. Acesso em: 28 de Abril de 2024}
}